@book{pressman2010software,
  title={Software Engineering: A Practitioner's Approach},
  author={Pressman, R.S.},
  isbn={9780073375977},
  lccn={2008048802},
  series={McGraw-Hill higher education},
  url={https://books.google.nl/books?id=y4k\_AQAAIAAJ},
  year={2010},
  publisher={McGraw-Hill Education}
}

@book{goodfellow2016deep,
  title={Deep learning},
  author={Goodfellow, Ian and Bengio, Yoshua and Courville, Aaron},
  year={2016},
  publisher={MIT press}
}
@article{lecun2015deep,
  added-at = {2022-01-19T10:28:11.000+0100},
  author = {LeCun, Yann and Bengio, Yoshua and Hinton, Geoffrey},
  biburl = {https://www.bibsonomy.org/bibtex/2fcb4570f4481d2e36239cc683ce7261e/msteininger},
  interhash = {6e8511bc64ba3e808ebf330db96a4ea5},
  intrahash = {fcb4570f4481d2e36239cc683ce7261e},
  journal = {nature},
  keywords = {imported},
  number = 7553,
  pages = 436,
  publisher = {Nature Publishing Group},
  timestamp = {2022-01-19T10:28:11.000+0100},
  title = {Deep learning},
  volume = 521,
  year = 2015
}

@inproceedings{amershi2019software,
  title={Software engineering for machine learning: A case study},
  author={Amershi, Saleema and Begel, Andrew and Bird, Christian and DeLine, Robert and Gall, Harald and Kamar, Ece and Nagappan, Nachiappan and Nushi, Besmira and Zimmermann, Thomas},
  booktitle={2019 IEEE/ACM 41st International Conference on Software Engineering: Software Engineering in Practice (ICSE-SEIP)},
  pages={291--300},
  year={2019},
  organization={IEEE}
}


@book{franoischollet2017learning,
  added-at = {2018-08-01T08:16:18.000+0200},
  author = {Chollet, François},
  biburl = {https://www.bibsonomy.org/bibtex/231f94815ebbd65d3a31e4a69e818573e/jaeschke},
  interhash = {cfbfd3f93853a469e5e6978f61a74a0a},
  intrahash = {31f94815ebbd65d3a31e4a69e818573e},
  isbn = {9781617294433},
  keywords = {ai deep deeplearning learning ml},
  month = nov,
  publisher = {Manning},
  timestamp = {2021-05-19T08:35:34.000+0200},
  title = {Deep Learning with Python },
  year = 2017
}



@article{gundersen2018reproducible,
  title={On reproducible AI: Towards reproducible research, open science, and digital scholarship in AI publications},
  author={Gundersen, Odd Erik and Gil, Yolanda and Aha, David W},
  journal={AI magazine},
  volume={39},
  number={3},
  pages={56--68},
  year={2018}
}

@article{wan2019does,
  title={How does machine learning change software development practices?},
  author={Wan, Zhiyuan and Xia, Xin and Lo, David and Murphy, Gail C},
  journal={IEEE Transactions on Software Engineering},
  volume={47},
  number={9},
  pages={1857--1871},
  year={2019},
  publisher={IEEE}
}


@misc{se4dl,
  doi = {10.48550/ARXIV.1910.03156},
  
  url = {https://arxiv.org/abs/1910.03156},
  
  author = {Zhang, Xufan and Yang, Yilin and Feng, Yang and Chen, Zhenyu},
  
  keywords = {Software Engineering (cs.SE), FOS: Computer and information sciences, FOS: Computer and information sciences},
  
  title = {Software Engineering Practice in the Development of Deep Learning Applications},
  
  publisher = {arXiv},
  
  year = {2019},
  
  copyright = {arXiv.org perpetual, non-exclusive license}
}


@article{gundersen2018reproducible,
  title={On reproducible AI: Towards reproducible research, open science, and digital scholarship in AI publications},
  author={Gundersen, Odd Erik and Gil, Yolanda and Aha, David W},
  journal={AI magazine},
  volume={39},
  number={3},
  pages={56--68},
  year={2018}
}
@misc{hutson2018artificial,
  title={Artificial intelligence faces reproducibility crisis},
  author={Hutson, Matthew},
  year={2018},
  publisher={American Association for the Advancement of Science}
}

@misc{leakage-recrisis,
  doi = {10.48550/ARXIV.2207.07048},
  
  url = {https://arxiv.org/abs/2207.07048},
  
  author = {Kapoor, Sayash and Narayanan, Arvind},
  
  keywords = {Machine Learning (cs.LG), Artificial Intelligence (cs.AI), Methodology (stat.ME), FOS: Computer and information sciences, FOS: Computer and information sciences},
  
  title = {Leakage and the Reproducibility Crisis in ML-based Science},
  
  publisher = {arXiv},
  
  year = {2022},
  
  copyright = {arXiv.org perpetual, non-exclusive license}
}

@book{o2017weapons,
  title={Weapons of math destruction: How big data increases inequality and threatens democracy},
  author={O'neil, Cathy},
  year={2017},
  publisher={Crown}
}

@misc{resnet,
  doi = {10.48550/ARXIV.1512.03385},
  
  url = {https://arxiv.org/abs/1512.03385},
  
  author = {He, Kaiming and Zhang, Xiangyu and Ren, Shaoqing and Sun, Jian},
  
  keywords = {Computer Vision and Pattern Recognition (cs.CV), FOS: Computer and information sciences, FOS: Computer and information sciences},
  
  title = {Deep Residual Learning for Image Recognition},
  
  publisher = {arXiv},
  
  year = {2015},
  
  copyright = {arXiv.org perpetual, non-exclusive license}
}

@misc{wu2021cvt,
    title   = {CvT: Introducing Convolutions to Vision Transformers},
    author  = {Haiping Wu and Bin Xiao and Noel Codella and Mengchen Liu and Xiyang Dai and Lu Yuan and Lei Zhang},
    year    = {2021},
    eprint  = {2103.15808},
    archivePrefix = {arXiv},
    primaryClass = {cs.CV}
}

@misc{dosovitskiy2020vit,
    title   = {An Image is Worth 16x16 Words: Transformers for Image Recognition at Scale},
    author  = {Alexey Dosovitskiy and Lucas Beyer and Alexander Kolesnikov and Dirk Weissenborn and Xiaohua Zhai and Thomas Unterthiner and Mostafa Dehghani and Matthias Minderer and Georg Heigold and Sylvain Gelly and Jakob Uszkoreit and Neil Houlsby},
    year    = {2020},
    eprint  = {2010.11929},
    archivePrefix = {arXiv},
    primaryClass = {cs.CV}
}

@misc{accountabilityInAi,
  doi = {10.48550/ARXIV.2010.13561},
  
  url = {https://arxiv.org/abs/2010.13561},
  
  author = {Hutchinson, Ben and Smart, Andrew and Hanna, Alex and Denton, Emily and Greer, Christina and Kjartansson, Oddur and Barnes, Parker and Mitchell, Margaret},
  
  keywords = {Machine Learning (cs.LG), Computers and Society (cs.CY), Databases (cs.DB), Software Engineering (cs.SE), FOS: Computer and information sciences, FOS: Computer and information sciences},
  
  title = {Towards Accountability for Machine Learning Datasets: Practices from Software Engineering and Infrastructure},
  
  publisher = {arXiv},
  
  year = {2020},
  
  copyright = {arXiv.org perpetual, non-exclusive license}
}


@inproceedings{scully-debt-ml,
  added-at = {2020-03-06T00:00:00.000+0100},
  author = {Sculley, D. and Holt, Gary and Golovin, Daniel and Davydov, Eugene and Phillips, Todd and Ebner, Dietmar and Chaudhary, Vinay and Young, Michael and Crespo, Jean-François and Dennison, Dan},
  biburl = {https://www.bibsonomy.org/bibtex/296cf00a29b4281b9298f4d3091e51453/dblp},
  booktitle = {NIPS},
  crossref = {conf/nips/2015},
  editor = {Cortes, Corinna and Lawrence, Neil D. and Lee, Daniel D. and Sugiyama, Masashi and Garnett, Roman},
  ee = {http://papers.nips.cc/paper/5656-hidden-technical-debt-in-machine-learning-systems},
  interhash = {41547ff06384cd0bb5e1e0fd8d8faa29},
  intrahash = {96cf00a29b4281b9298f4d3091e51453},
  keywords = {dblp},
  pages = {2503-2511},
  timestamp = {2020-03-07T11:51:11.000+0100},
  title = {Hidden Technical Debt in Machine Learning Systems.},
  url = {http://dblp.uni-trier.de/db/conf/nips/nips2015.html#SculleyHGDPECYC15},
  year = 2015
}

@misc{psychology-reproducibility-crisis,
  doi = {10.48550/ARXIV.2104.08878},
  
  url = {https://arxiv.org/abs/2104.08878},
  
  author = {Bell, Samuel J. and Kampman, Onno P.},
  
  keywords = {Machine Learning (cs.LG), Artificial Intelligence (cs.AI), FOS: Computer and information sciences, FOS: Computer and information sciences},
  
  title = {Perspectives on Machine Learning from Psychology's Reproducibility Crisis},
  
  publisher = {arXiv},
  
  year = {2021},
  
  copyright = {arXiv.org perpetual, non-exclusive license}
}


@misc{building-machines-think-human,
  doi = {10.48550/ARXIV.1604.00289},
  
  url = {https://arxiv.org/abs/1604.00289},
  
  author = {Lake, Brenden M. and Ullman, Tomer D. and Tenenbaum, Joshua B. and Gershman, Samuel J.},
  
  keywords = {Artificial Intelligence (cs.AI), Computer Vision and Pattern Recognition (cs.CV), Machine Learning (cs.LG), Neural and Evolutionary Computing (cs.NE), Machine Learning (stat.ML), FOS: Computer and information sciences, FOS: Computer and information sciences},
  
  title = {Building Machines That Learn and Think Like People},
  
  publisher = {arXiv},
  
  year = {2016},
  
  copyright = {arXiv.org perpetual, non-exclusive license}
}


@article{credit-datasharing,
author = {Devriendt, Thijs and Borry, Pascal and Shabani, Mahsa},
year = {2022},
month = {01},
pages = {e25983},
title = {Credit and Recognition for Contributions to Data-Sharing Platforms Among Cohort Holders and Platform Developers in Europe: Interview Study},
volume = {24},
journal = {Journal of Medical Internet Research},
doi = {10.2196/25983}
}

@article{stodden-towardreprodicibleresearch,
    doi = {10.1371/journal.pone.0067111},
    author = {Stodden, Victoria AND Guo, Peixuan AND Ma, Zhaokun},
    journal = {PLOS ONE},
    publisher = {Public Library of Science},
    title = {Toward Reproducible Computational Research: An Empirical Analysis of Data and Code Policy Adoption by Journals},
    year = {2013},
    month = {06},
    volume = {8},
    url = {https://doi.org/10.1371/journal.pone.0067111},
    pages = {1-8},
     number = {6},

}

@article{shorten2019survey,
  title={A survey on image data augmentation for deep learning},
  author={Shorten, Connor and Khoshgoftaar, Taghi M},
  journal={Journal of big data},
  volume={6},
  number={1},
  pages={1--48},
  year={2019},
  publisher={SpringerOpen}
}


@article{mehrabi2021survey,
  title={A survey on bias and fairness in machine learning},
  author={Mehrabi, Ninareh and Morstatter, Fred and Saxena, Nripsuta and Lerman, Kristina and Galstyan, Aram},
  journal={ACM Computing Surveys (CSUR)},
  volume={54},
  number={6},
  pages={1--35},
  year={2021},
  publisher={ACM New York, NY, USA}
}
@article{caton2020fairness,
  title={Fairness in machine learning: A survey},
  author={Caton, Simon and Haas, Christian},
  journal={arXiv preprint arXiv:2010.04053},
  year={2020}
}


@article{leslie2019understanding,
  title={Understanding artificial intelligence ethics and safety},
  author={Leslie, David},
  journal={arXiv preprint arXiv:1906.05684},
  year={2019}
}

@incollection{nielsen2011reinventing,
  title={Reinventing discovery},
  author={Nielsen, Michael},
  booktitle={Reinventing Discovery},
  year={2011},
  publisher={Princeton University Press}
}

@article{ali2017motivating,
  title={Motivating participation in open science by examining researcher incentives},
  author={Ali-Khan, Sarah E and Harris, Liam W and Gold, E Richard},
  journal={Elife},
  volume={6},
  pages={e29319},
  year={2017},
  publisher={eLife Sciences Publications, Ltd}
}
@article{o2017evaluation,
  title={Evaluation of research careers fully acknowledging open science practices-rewards, incentives and/or recognition for researchers practicing open science},
  author={O'Carroll, Connor and Rentier, Bernard and Cabello Vald{\`e}s, Cecilia and Esposito, Fulvio and Kaunismaa, Eva and Maas, Katrien and Metcalfe, Janet and Vandevelde, Karen},
  year={2017},
  publisher={Publication Office of the Europen Union, Luxembourg, Luxembourg}
}

@article{friesike2015open,
  title={Open science: many good resolutions, very few incentives, yet},
  author={Friesike, Sascha and Schildhauer, Thomas},
  journal={Incentives and performance: Governance of research organizations},
  pages={277--289},
  year={2015},
  publisher={Springer}
}

@article{kwon2021incentive,
  title={Incentive or disincentive for research data disclosure? A large-scale empirical analysis and implications for open science policy},
  author={Kwon, Seokbeom and Motohashi, Kazuyuki},
  journal={International Journal of Information Management},
  volume={60},
  pages={102371},
  year={2021},
  publisher={Elsevier}
}


@article{batarseh2020data,
  title={Data Democracy: At the Nexus of Artificial Intelligence, Software Development, and Knowledge Engineering},
  author={Batarseh, Feras A and Yang, Ruixin},
  year={2020},
  publisher={Academic Press}
}


@article{hsiao2018vtaiwan,
  title={vTaiwan: An empirical study of open consultation process in Taiwan},
  author={Hsiao, Yu-Tang and Lin, Shu-Yang and Tang, Audrey and Narayanan, Darshana and Sarahe, Claudina},
  year={2018},
  publisher={SocArXiv}
}


@article{praprotnikevaluation,
  title={Evaluation Report of the Austrian ‘Klimarat’UWK, Assessment of the Perspectives of the Members and the Public},
  author={Praprotnik, Katrin and Ingruber, Daniela and Nash, Sarah and Rodenko, Roman}
}


@inproceedings{mihajlovic2020use,
  title={The Use of Python in the field of Artifical Intelligence},
  author={Mihajlovi{\'c}, S and Kupusinac, A and Iveti{\'c}, D and Berkovi{\'c}, I},
  booktitle={International Conference on Information Technology and Development of Education--ITRO},
  year={2020}
}

@inproceedings{de2002importance,
  title={On the importance of the separation-of-concerns principle in secure software engineering},
  author={De Win, Bart and Piessens, Frank and Joosen, Wouter and Verhanneman, Tine},
  booktitle={Workshop on the Application of Engineering Principles to System Security Design},
  pages={1--10},
  year={2002},
  organization={Citeseer}
}

@article{raschka2020machine,
  title={Machine learning in python: Main developments and technology trends in data science, machine learning, and artificial intelligence},
  author={Raschka, Sebastian and Patterson, Joshua and Nolet, Corey},
  journal={Information},
  volume={11},
  number={4},
  pages={193},
  year={2020},
  publisher={Multidisciplinary Digital Publishing Institute}
}

@book{raschka2015python,
  title={Python machine learning},
  author={Raschka, Sebastian},
  year={2015},
  publisher={Packt publishing ltd}
}

@article{sanner1999python,
  title={Python: a programming language for software integration and development},
  author={Sanner, Michel F and others},
  journal={J Mol Graph Model},
  volume={17},
  number={1},
  pages={57--61},
  year={1999}
}


@article{nguyen2019machine,
  title={Machine learning and deep learning frameworks and libraries for large-scale data mining: a survey},
  author={Nguyen, Giang and Dlugolinsky, Stefan and Bob{\'a}k, Martin and Tran, Viet and L{\'o}pez Garc{\'\i}a, {\'A}lvaro and Heredia, Ignacio and Mal{\'\i}k, Peter and Hluch{\`y}, Ladislav},
  journal={Artificial Intelligence Review},
  volume={52},
  pages={77--124},
  year={2019},
  publisher={Springer}
}

@inproceedings{shatnawi2018comparative,
  title={A comparative study of open source deep learning frameworks},
  author={Shatnawi, Ali and Al-Bdour, Ghadeer and Al-Qurran, Raffi and Al-Ayyoub, Mahmoud},
  booktitle={2018 9th international conference on information and communication systems (icics)},
  pages={72--77},
  year={2018},
  organization={IEEE}
}


@misc{ivy,
  doi = {10.48550/ARXIV.2102.02886},
  
  url = {https://arxiv.org/abs/2102.02886},
  
  author = {Lenton, Daniel and Pardo, Fabio and Falck, Fabian and James, Stephen and Clark, Ronald},
  
  keywords = {Machine Learning (cs.LG), Artificial Intelligence (cs.AI), Computer Vision and Pattern Recognition (cs.CV), Neural and Evolutionary Computing (cs.NE), Robotics (cs.RO), FOS: Computer and information sciences, FOS: Computer and information sciences},
  
  title = {Ivy: Templated Deep Learning for Inter-Framework Portability},
  
  publisher = {arXiv},
  
  year = {2021},
  
  copyright = {Creative Commons Attribution 4.0 International}
}


@online{IvyDocs,
  author = {Lenton, Daniel and Pardo, Fabio and Falck, Fabian and James, Stephen and Clark, Ronald},
  title = {Ivy Documentation},
  year = 2023,
  url = {https://lets-unify.ai/ivy/},
  urldate = {2023-01-31}
}

@article{elshawi2021dlbench,
  title={DLBench: a comprehensive experimental evaluation of deep learning frameworks},
  author={Elshawi, Radwa and Wahab, Abdul and Barnawi, Ahmed and Sakr, Sherif},
  journal={Cluster Computing},
  volume={24},
  pages={2017--2038},
  year={2021},
  publisher={Springer}
}


@article{tan2022simvp,
  title={SimVP: Towards Simple yet Powerful Spatiotemporal Predictive Learning},
  author={Tan, Cheng and Gao, Zhangyang and Li, Stan Z},
  journal={arXiv preprint arXiv:2211.12509},
  year={2022}
}
@article{wu2019hyperparameter,
  title={Hyperparameter optimization for machine learning models based on Bayesian optimization},
  author={Wu, Jia and Chen, Xiu-Yun and Zhang, Hao and Xiong, Li-Dong and Lei, Hang and Deng, Si-Hao},
  journal={Journal of Electronic Science and Technology},
  volume={17},
  number={1},
  pages={26--40},
  year={2019},
  publisher={Elsevier}
}


@misc{lgan,
  doi = {10.48550/ARXIV.2101.04775},
  
  url = {https://arxiv.org/abs/2101.04775},
  
  author = {Liu, Bingchen and Zhu, Yizhe and Song, Kunpeng and Elgammal, Ahmed},
  
  keywords = {Computer Vision and Pattern Recognition (cs.CV), Artificial Intelligence (cs.AI), FOS: Computer and information sciences, FOS: Computer and information sciences},
  
  title = {Towards Faster and Stabilized GAN Training for High-fidelity Few-shot Image Synthesis},
  
  publisher = {arXiv},
  
  year = {2021},
  
  copyright = {arXiv.org perpetual, non-exclusive license}
}


@misc{transferlearning,
  doi = {10.48550/ARXIV.1912.11370},
  
  url = {https://arxiv.org/abs/1912.11370},
  
  author = {Kolesnikov, Alexander and Beyer, Lucas and Zhai, Xiaohua and Puigcerver, Joan and Yung, Jessica and Gelly, Sylvain and Houlsby, Neil},
  
  keywords = {Computer Vision and Pattern Recognition (cs.CV), Machine Learning (cs.LG), FOS: Computer and information sciences, FOS: Computer and information sciences},
  
  title = {Big Transfer (BiT): General Visual Representation Learning},
  
  publisher = {arXiv},
  
  year = {2019},
  
  copyright = {arXiv.org perpetual, non-exclusive license}
}


@inproceedings{mo2016decoupling,
  title={Decoupling level: a new metric for architectural maintenance complexity},
  author={Mo, Ran and Cai, Yuanfang and Kazman, Rick and Xiao, Lu and Feng, Qiong},
  booktitle={Proceedings of the 38th International Conference on Software Engineering},
  pages={499--510},
  year={2016}
}
@inproceedings{qian2006decoupling,
  title={Decoupling metrics for services composition},
  author={Qian, Kai and Liu, Jigang and Tsui, Frank},
  booktitle={5th IEEE/ACIS International Conference on Computer and Information Science and 1st IEEE/ACIS International Workshop on Component-Based Software Engineering, Software Architecture and Reuse (ICIS-COMSAR'06)},
  pages={44--47},
  year={2006},
  organization={IEEE}
}


@article{floridi2018ai4people,
  title={AI4People—an ethical framework for a good AI society: opportunities, risks, principles, and recommendations},
  author={Floridi, Luciano and Cowls, Josh and Beltrametti, Monica and Chatila, Raja and Chazerand, Patrice and Dignum, Virginia and Luetge, Christoph and Madelin, Robert and Pagallo, Ugo and Rossi, Francesca and others},
  journal={Minds and machines},
  volume={28},
  pages={689--707},
  year={2018},
  publisher={Springer}
}

@article{arrieta2020explainable,
  title={Explainable Artificial Intelligence (XAI): Concepts, taxonomies, opportunities and challenges toward responsible AI},
  author={Arrieta, Alejandro Barredo and D{\'\i}az-Rodr{\'\i}guez, Natalia and Del Ser, Javier and Bennetot, Adrien and Tabik, Siham and Barbado, Alberto and Garc{\'\i}a, Salvador and Gil-L{\'o}pez, Sergio and Molina, Daniel and Benjamins, Richard and others},
  journal={Information fusion},
  volume={58},
  pages={82--115},
  year={2020},
  publisher={Elsevier}
}

@article{goodman2017european,
  title={European Union regulations on algorithmic decision-making and a “right to explanation”},
  author={Goodman, Bryce and Flaxman, Seth},
  journal={AI magazine},
  volume={38},
  number={3},
  pages={50--57},
  year={2017}
}
@article{goodfellow2020generative,
  title={Generative adversarial networks},
  author={Goodfellow, Ian and Pouget-Abadie, Jean and Mirza, Mehdi and Xu, Bing and Warde-Farley, David and Ozair, Sherjil and Courville, Aaron and Bengio, Yoshua},
  journal={Communications of the ACM},
  volume={63},
  number={11},
  pages={139--144},
  year={2020},
  publisher={ACM New York, NY, USA}
}

@article{jobin2019global,
  title={The global landscape of AI ethics guidelines},
  author={Jobin, Anna and Ienca, Marcello and Vayena, Effy},
  journal={Nature Machine Intelligence},
  volume={1},
  number={9},
  pages={389--399},
  year={2019},
  publisher={Nature Publishing Group UK London}
}

@article{mittelstadt2019principles,
  title={Principles alone cannot guarantee ethical AI},
  author={Mittelstadt, Brent},
  journal={Nature machine intelligence},
  volume={1},
  number={11},
  pages={501--507},
  year={2019},
  publisher={Nature Publishing Group UK London}
}

@article{floridi2019establishing,
  title={Establishing the rules for building trustworthy AI},
  author={Floridi, Luciano},
  journal={Nature Machine Intelligence},
  volume={1},
  number={6},
  pages={261--262},
  year={2019},
  publisher={Nature Publishing Group UK London}
}

@article{mittelstadt2016ethics,
  title={The ethics of big data: current and foreseeable issues in biomedical contexts},
  author={Mittelstadt, Brent Daniel and Floridi, Luciano},
  journal={The ethics of biomedical big data},
  pages={445--480},
  year={2016},
  publisher={Springer}
}

@book{ashley2017legal,
  title={Artificial intelligence and legal analytics: new tools for law practice in the digital age},
  author={Ashley, Kevin D},
  year={2017},
  publisher={Cambridge University Press}
}

@article{floridi2018ai4people,
  title={AI4People—an ethical framework for a good AI society: opportunities, risks, principles, and recommendations},
  author={Floridi, Luciano and Cowls, Josh and Beltrametti, Monica and Chatila, Raja and Chazerand, Patrice and Dignum, Virginia and Luetge, Christoph and Madelin, Robert and Pagallo, Ugo and Rossi, Francesca and others},
  journal={Minds and machines},
  volume={28},
  pages={689--707},
  year={2018},
  publisher={Springer}
}

@article{wachter2017transparent,
  title={Transparent, explainable, and accountable AI for robotics},
  author={Wachter, Sandra and Mittelstadt, Brent and Floridi, Luciano},
  journal={Science robotics},
  volume={2},
  number={6},
  pages={eaan6080},
  year={2017},
  publisher={American Association for the Advancement of Science}
}

@article{busuioc2021accountable,
  title={Accountable artificial intelligence: Holding algorithms to account},
  author={Busuioc, Madalina},
  journal={Public Administration Review},
  volume={81},
  number={5},
  pages={825--836},
  year={2021},
  publisher={Wiley Online Library}
}

@inproceedings{nushi2018towards,
  title={Towards accountable ai: Hybrid human-machine analyses for characterizing system failure},
  author={Nushi, Besmira and Kamar, Ece and Horvitz, Eric},
  booktitle={Proceedings of the AAAI Conference on Human Computation and Crowdsourcing},
  volume={6},
  pages={126--135},
  year={2018}
}

@article{hicks2021open,
  title={Open science, the replication crisis, and environmental public health},
  author={Hicks, Daniel J},
  journal={Accountability in Research},
  pages={1--29},
  year={2021},
  publisher={Taylor \& Francis}
}

@article{glynnadaptive,
  title={Adaptive Governance with Open Traceable Accountable Cognizant Science and Policy},
  author={Glynn, Pierre and Voinov, Alexey and Shapiro, Carl and Jenni, Karen}
}

@article{norori2021addressing,
  title={Addressing bias in big data and AI for health care: A call for open science},
  author={Norori, Natalia and Hu, Qiyang and Aellen, Florence Marcelle and Faraci, Francesca Dalia and Tzovara, Athina},
  journal={Patterns},
  volume={2},
  number={10},
  pages={100347},
  year={2021},
  publisher={Elsevier}
}

@article{paton2019open,
  title={An open science approach to artificial intelligence in healthcare},
  author={Paton, Chris and Kobayashi, Shinji},
  journal={Yearbook of medical informatics},
  volume={28},
  number={01},
  pages={047--051},
  year={2019},
  publisher={Georg Thieme Verlag KG}
}

@article{coro2020open,
  title={OPEN SCIENCE AND ARTIFICIAL INTELLIGENCE SUPPORTING BLUE GROWTH.},
  author={Coro, Gianpaolo},
  journal={Environmental Engineering \& Management Journal (EEMJ)},
  volume={19},
  number={10},
  year={2020}
}

@article{burgelman2019open,
  title={Open science, open data, and open scholarship: European policies to make science fit for the twenty-first century},
  author={Burgelman, Jean-Claude and Pascu, Corina and Szkuta, Katarzyna and Von Schomberg, Rene and Karalopoulos, Athanasios and Repanas, Konstantinos and Schouppe, Michel},
  journal={Frontiers in Big Data},
  volume={2},
  pages={43},
  year={2019},
  publisher={Frontiers Media SA}
}

@article{kocak2022transparency,
  title={Transparency in Artificial Intelligence Research: a Systematic Review of Availability Items Related to Open Science in Radiology and Nuclear Medicine},
  author={Kocak, Burak and Yardimci, Aytul Hande and Yuzkan, Sabahattin and Keles, Ali and Altun, Omer and Bulut, Elif and Bayrak, Osman Nuri and Okumus, Ahmet Arda},
  journal={Academic Radiology},
  year={2022},
  publisher={Elsevier}
}

@incollection{braun2018open,
  title={Open science in machine learning},
  author={Braun, Mikio L and Ong, Cheng Soon},
  booktitle={Implementing Reproducible Research},
  pages={343--365},
  year={2018},
  publisher={Chapman and Hall/CRC}
}


@article{hamet2017medicine,
  title={Artificial intelligence in medicine},
  author={Hamet, Pavel and Tremblay, Johanne},
  journal={Metabolism},
  volume={69},
  pages={S36--S40},
  year={2017},
  publisher={Elsevier}
}

@article{bao2022fraudartificial,
  title={Artificial intelligence and fraud detection},
  author={Bao, Yang and Hilary, Gilles and Ke, Bin},
  journal={Innovative Technology at the Interface of Finance and Operations: Volume I},
  pages={223--247},
  year={2022},
  publisher={Springer}
}

@article{haristiani2020combining,
  title={Combining chatbot and social media: Enhancing personal learning environment (PLE) in language learning},
  author={Haristiani, Nuria and Rifa’i, Mumu Muhamad},
  journal={Indonesian Journal of Science and Technology},
  volume={5},
  number={3},
  pages={487--506},
  year={2020}
}


@article{li2018can,
  title={Can artificial intelligence make screening faster, more accurate, and more accessible?},
  author={Li, Zhixi and Keel, Stuart and He, Mingguang},
  journal={The Asia-Pacific Journal of Ophthalmology},
  volume={7},
  number={6},
  pages={436--441},
  year={2018},
  publisher={LWW}
}

@article{goel2020ai,
  title={Ai-powered learning: making education accessible, affordable, and achievable},
  author={Goel, Ashok},
  journal={arXiv preprint arXiv:2006.01908},
  year={2020}
}

@article{ong2021guide,
  title={A guide to accessible artificial intelligence and machine learning for the 21st century retina specialist},
  author={Ong, Joshua and Hariprasad, Seenu M and Chhablani, Jay},
  journal={Ophthalmic Surgery, Lasers and Imaging Retina},
  volume={52},
  number={7},
  pages={361--365},
  year={2021},
  publisher={SLACK Incorporated Thorofare, NJ}
}

@article{morris2020ai,
  title={AI and accessibility},
  author={Morris, Meredith Ringel},
  journal={Communications of the ACM},
  volume={63},
  number={6},
  pages={35--37},
  year={2020},
  publisher={ACM New York, NY, USA}
}

@article{wolf2020designing,
  title={Designing accessible, explainable AI (XAI) experiences},
  author={Wolf, Christine T and Ringland, Kathryn E},
  journal={ACM SIGACCESS Accessibility and Computing},
  number={125},
  pages={1--1},
  year={2020},
  publisher={ACM New York, NY, USA}
}

@inproceedings{olson2018system,
  title={A system for accessible artificial intelligence},
  author={Olson, Randal S and Sipper, Moshe and Cava, William La and Tartarone, Sharon and Vitale, Steven and Fu, Weixuan and Orzechowski, Patryk and Urbanowicz, Ryan J and Holmes, John H and Moore, Jason H},
  booktitle={Genetic programming theory and practice XV},
  pages={121--134},
  year={2018},
  organization={Springer}
}


@article{gato,
  doi = {10.48550/ARXIV.2205.06175},
  
  url = {https://arxiv.org/abs/2205.06175},
  
  author = {Reed, Scott and Zolna, Konrad and Parisotto, Emilio and Colmenarejo, Sergio Gomez and Novikov, Alexander and Barth-Maron, Gabriel and Gimenez, Mai and Sulsky, Yury and Kay, Jackie and Springenberg, Jost Tobias and Eccles, Tom and Bruce, Jake and Razavi, Ali and Edwards, Ashley and Heess, Nicolas and Chen, Yutian and Hadsell, Raia and Vinyals, Oriol and Bordbar, Mahyar and de Freitas, Nando},
  
  keywords = {Artificial Intelligence (cs.AI), Computation and Language (cs.CL), Machine Learning (cs.LG), Robotics (cs.RO), FOS: Computer and information sciences, FOS: Computer and information sciences},
  
  title = {A Generalist Agent},
  
  publisher = {arXiv},
  
  year = {2022},
  
  copyright = {Creative Commons Attribution 4.0 International}
}

@article{gpt,
  title={Improving language understanding by generative pre-training},
  author={Radford, Alec and Narasimhan, Karthik and Salimans, Tim and Sutskever, Ilya and others},
  year={2018},
  publisher={OpenAI}
}



@misc{diffusion,
  doi = {10.48550/ARXIV.2112.10752},
  
  url = {https://arxiv.org/abs/2112.10752},
  
  author = {Rombach, Robin and Blattmann, Andreas and Lorenz, Dominik and Esser, Patrick and Ommer, Björn},
  
  keywords = {Computer Vision and Pattern Recognition (cs.CV), FOS: Computer and information sciences, FOS: Computer and information sciences},
  
  title = {High-Resolution Image Synthesis with Latent Diffusion Models},
  
  publisher = {arXiv},
  
  year = {2021},
  
  copyright = {arXiv.org perpetual, non-exclusive license}
}


@misc{musiclm,
  doi = {10.48550/ARXIV.2301.11325},
  
  url = {https://arxiv.org/abs/2301.11325},
  
  author = {Agostinelli, Andrea and Denk, Timo I. and Borsos, Zalán and Engel, Jesse and Verzetti, Mauro and Caillon, Antoine and Huang, Qingqing and Jansen, Aren and Roberts, Adam and Tagliasacchi, Marco and Sharifi, Matt and Zeghidour, Neil and Frank, Christian},
  
  keywords = {Sound (cs.SD), Machine Learning (cs.LG), Audio and Speech Processing (eess.AS), FOS: Computer and information sciences, FOS: Computer and information sciences, FOS: Electrical engineering, electronic engineering, information engineering, FOS: Electrical engineering, electronic engineering, information engineering},
  
  title = {MusicLM: Generating Music From Text},
  
  publisher = {arXiv},
  
  year = {2023},
  
  copyright = {arXiv.org perpetual, non-exclusive license}
}

@misc{weather,
  doi = {10.48550/ARXIV.2111.07470},
  
  url = {https://arxiv.org/abs/2111.07470},
  
  author = {Espeholt, Lasse and Agrawal, Shreya and Sønderby, Casper and Kumar, Manoj and Heek, Jonathan and Bromberg, Carla and Gazen, Cenk and Hickey, Jason and Bell, Aaron and Kalchbrenner, Nal},
  
  keywords = {Machine Learning (cs.LG), Atmospheric and Oceanic Physics (physics.ao-ph), FOS: Computer and information sciences, FOS: Computer and information sciences, FOS: Physical sciences, FOS: Physical sciences},
  
  title = {Skillful Twelve Hour Precipitation Forecasts using Large Context Neural Networks},
  
  publisher = {arXiv},
  
  year = {2021},
  
  copyright = {Creative Commons Attribution 4.0 International}
}

@article{potencialaibenefit,
  title={Artificial intelligence: Potential benefits and ethical considerations},
  author={Rossi, Francesca},
  year={2016},
  publisher={EPRS: European Parliamentary Research Service}
}

@article{potencialmed,
  title={Artificial intelligence for the orthopaedic surgeon: an overview of potential benefits, limitations, and clinical applications},
  author={Makhni, Eric C and Makhni, Sonya and Ramkumar, Prem N},
  journal={JAAOS-Journal of the American Academy of Orthopaedic Surgeons},
  volume={29},
  number={6},
  pages={235--243},
  year={2021},
  publisher={LWW}
}

@article{beneficialai,
  title={Research priorities for robust and beneficial artificial intelligence},
  author={Russell, Stuart and Dewey, Daniel and Tegmark, Max},
  journal={Ai Magazine},
  volume={36},
  number={4},
  pages={105--114},
  year={2015}
}


@article{aihealthcare,
  title={Artificial intelligence in healthcare},
  author={Yu, Kun-Hsing and Beam, Andrew L and Kohane, Isaac S},
  journal={Nature biomedical engineering},
  volume={2},
  number={10},
  pages={719--731},
  year={2018},
  publisher={Nature Publishing Group UK London}
}


@article{aieducation,
  title={Artificial intelligence in education: A review},
  author={Chen, Lijia and Chen, Pingping and Lin, Zhijian},
  journal={Ieee Access},
  volume={8},
  pages={75264--75278},
  year={2020},
  publisher={Ieee}
}


@inproceedings{mainatiblity,
  title={Is machine learning software just software: A maintainability view},
  author={Mikkonen, Tommi and Nurminen, Jukka K and Raatikainen, Mikko and Fronza, Ilenia and M{\"a}kitalo, Niko and M{\"a}nnist{\"o}, Tomi},
  booktitle={Software Quality: Future Perspectives on Software Engineering Quality: 13th International Conference, SWQD 2021, Vienna, Austria, January 19--21, 2021, Proceedings 13},
  pages={94--105},
  year={2021},
  organization={Springer}
}


@article{epskamp2019reproducibilitybug,
  title={Reproducibility and replicability in a fast-paced methodological world},
  author={Epskamp, Sacha},
  journal={Advances in Methods and Practices in Psychological Science},
  volume={2},
  number={2},
  pages={145--155},
  year={2019},
  publisher={Sage Publications Sage CA: Los Angeles, CA}
}

@article{martinez2022softwareAI,
  title={Software engineering for AI-based systems: a survey},
  author={Mart{\'\i}nez-Fern{\'a}ndez, Silverio and Bogner, Justus and Franch, Xavier and Oriol, Marc and Siebert, Julien and Trendowicz, Adam and Vollmer, Anna Maria and Wagner, Stefan},
  journal={ACM Transactions on Software Engineering and Methodology (TOSEM)},
  volume={31},
  number={2},
  pages={1--59},
  year={2022},
  publisher={ACM New York, NY}
}


@misc{seAIsurvey,
  doi = {10.48550/ARXIV.2011.03751},
  
  url = {https://arxiv.org/abs/2011.03751},
  
  author = {Nascimento, Elizamary and Nguyen-Duc, Anh and Sundbø, Ingrid and Conte, Tayana},
  
  keywords = {Software Engineering (cs.SE), Artificial Intelligence (cs.AI), FOS: Computer and information sciences, FOS: Computer and information sciences},
  
  title = {Software engineering for artificial intelligence and machine learning software: A systematic literature review},
  
  publisher = {arXiv},
  
  year = {2020},
  
  copyright = {arXiv.org perpetual, non-exclusive license}
}


@article{davis2011understandingmodularity,
  title={Understanding visual scripts: Improving collaboration through modular programming},
  author={Davis, Daniel and Burry, Jane and Burry, Mark},
  journal={International Journal of Architectural Computing},
  volume={9},
  number={4},
  pages={361--375},
  year={2011},
  publisher={SAGE Publications Sage UK: London, England}
}

@article{gezici2022systematicsoftware,
  title={Systematic literature review on software quality for AI-based software},
  author={Gezici, Bahar and Tarhan, Ay{\c{c}}a Koluk{\i}sa},
  journal={Empirical Software Engineering},
  volume={27},
  number={3},
  pages={66},
  year={2022},
  publisher={Springer}
}


@inproceedings{lu2022softwareAIReponse,
  title={Software engineering for responsible AI: An empirical study and operationalised patterns},
  author={Lu, Qinghua and Zhu, Liming and Xu, Xiwei and Whittle, Jon and Douglas, David and Sanderson, Conrad},
  booktitle={Proceedings of the 44th International Conference on Software Engineering: Software Engineering in Practice},
  pages={241--242},
  year={2022}
}

@book{rich2014readings,
  title={Readings in artificial intelligence and software engineering},
  author={Rich, Charles and Waters, Richard C},
  year={2014},
  publisher={Morgan Kaufmann}
}

@inproceedings{belani2019requirements,
  title={Requirements engineering challenges in building AI-based complex systems},
  author={Belani, Hrvoje and Vukovic, Marin and Car, {\v{Z}}eljka},
  booktitle={2019 IEEE 27th International Requirements Engineering Conference Workshops (REW)},
  pages={252--255},
  year={2019},
  organization={IEEE}
}

@inproceedings{heyn2021requirement,
  title={Requirement engineering challenges for ai-intense systems development},
  author={Heyn, Hans-Martin and Knauss, Eric and Muhammad, Amna Pir and Eriksson, Olof and Linder, Jennifer and Subbiah, Padmini and Pradhan, Shameer Kumar and Tungal, Sagar},
  booktitle={2021 IEEE/ACM 1st Workshop on AI Engineering-Software Engineering for AI (WAIN)},
  pages={89--96},
  year={2021},
  organization={IEEE}
}

@inproceedings{fagerholm2012developer,
  title={Developer experience: Concept and definition},
  author={Fagerholm, Fabian and M{\"u}nch, J{\"u}rgen},
  booktitle={2012 international conference on software and system process (ICSSP)},
  pages={73--77},
  year={2012},
  organization={IEEE}
}
@inproceedings{hill2016trials,
  title={Trials and tribulations of developers of intelligent systems: A field study},
  author={Hill, Charles and Bellamy, Rachel and Erickson, Thomas and Burnett, Margaret},
  booktitle={2016 IEEE Symposium on Visual Languages and Human-Centric Computing (VL/HCC)},
  pages={162--170},
  year={2016},
  organization={IEEE}
}


@article{thingsvision,
	author = {Muttenthaler, Lukas and Hebart, Martin N.},
	title = {THINGSvision: A Python Toolbox for Streamlining the Extraction of Activations From Deep Neural Networks},
	journal ={Frontiers in Neuroinformatics},
	volume = {15},
	pages = {45},
	year = {2021},
	url = {https://www.frontiersin.org/article/10.3389/fninf.2021.679838},
	doi = {10.3389/fninf.2021.679838},
	issn = {1662-5196},
}

@article{pathml,
  title={Building tools for machine learning and artificial intelligence in cancer research: best practices and a case study with the PathML toolkit for computational pathology},
  author={Rosenthal, Jacob and Carelli, Ryan and Omar, Mohamed and Brundage, David and Halbert, Ella and Nyman, Jackson and Hari, Surya N and Van Allen, Eliezer M and Marchionni, Luigi and Umeton, Renato and others},
  journal={Molecular Cancer Research},
  volume={20},
  number={2},
  pages={202--206},
  year={2022},
  publisher={AACR}
}

@article{cardoso2022monai,
  title={MONAI: An open-source framework for deep learning in healthcare},
  author={Cardoso, M Jorge and Li, Wenqi and Brown, Richard and Ma, Nic and Kerfoot, Eric and Wang, Yiheng and Murrey, Benjamin and Myronenko, Andriy and Zhao, Can and Yang, Dong and others},
  journal={arXiv preprint arXiv:2211.02701},
  year={2022}
}


@article{lowe2004distinctive,
  title={Distinctive image features from scale-invariant keypoints},
  author={Lowe, David G},
  journal={International journal of computer vision},
  volume={60},
  pages={91--110},
  year={2004},
  publisher={Springer}
}


@inproceedings{kennedy1995particle,
  title={Particle swarm optimization},
  author={Kennedy, James and Eberhart, Russell},
  booktitle={Proceedings of ICNN'95-international conference on neural networks},
  volume={4},
  pages={1942--1948},
  year={1995},
  organization={IEEE}
}
